@book{database,
    title={Базы данных: учеб. пособие},
    author={С.~А.~Нестеров},
    publisher= {СПб.: Издательство Политехнического универстета},
    year=2013,
    pages={150}
}

@book{kazan,
    title={Введение в реляционные базы данных и программирование на языке SQL},
    author={Н.~Р.~Бухараев},
    publisher= {Казань: Казанский университет},
    year=2018,
    pages={134}
}

@book{big_data,
    title={Обзор технологии "большие данные" (Big Data) и программно-аппаратных средств, применяемых для их анализа и обработки},
    author={Ю.~Л.~Назаренко},
    publisher= {Донской государственный технический университет},
    year=2016,
    pages={7}
}

@book{systems,
    title={Системы управления базами данных: учебное пособие},
    author={Р.~Э.~Мамедли},
    publisher= {Нижневаторск : Издательство Нижневартовского государственного университета},
    year=2021,
    pages={214}
}

@book{ran,
    title={Распределенные горизонтально масштабируемые решения для управления данными},
    author={С.~Д.~Кузнецов and А.~В.~Посконин},
    publisher={Труды Института системного программирования РАН},
    year=2013
}

@book{shard-rep,
    title={DATABASE SYSTEM CONCEPTS, SEVENTH EDITION},
    author={A.~Silberschatz and F.~Korth~Henry and S.~Sudarshan},
    publisher={McGraw-Hill Education},
    year=2020,
    pages={1337}
}

@book{data-aggreg,
    title={Data Aggregation: Encyclopedia of Big Data},
    author={Wen~Tao},
    publisher={Springer International Publishing, Cham},
    year=2020
}

@misc{postgres,
	title="PostgreSQL Documentation",
	howpublished="[Электронный ресурс]. ~--- Режим доступа: \url{https://www.postgresql.org/docs/} (дата обращения: 03.11.2024)"
}

@misc{mongo,
	title="MongoDB Documentation",
	howpublished="[Электронный ресурс]. ~--- Режим доступа: \url{https://www.mongodb.com/docs/manual/} (дата обращения: 03.11.2024)"
}

@misc{cassandra,
	title="Cassandra Documentation",
	howpublished="[Электронный ресурс]. ~--- Режим доступа: \url{https://cassandra.apache.org/doc/latest/} (дата обращения: 03.11.2024)"
}

@misc{mySQL,
	title="MySQL Documentation",
	howpublished="[Электронный ресурс]. ~--- Режим доступа: \url{https://dev.mysql.com/doc/} (дата обращения: 03.11.2024)"
}

@misc{citusdata,
	title="Citus Data Documentation",
	howpublished="[Электронный ресурс]. ~--- Режим доступа: \url{https://docs.citusdata.com/en/stable/} (дата обращения: 20.11.2024)"
}

@misc{postgres-xl,
	title="Postgres-XL Documentation",
	howpublished="[Электронный ресурс]. ~--- Режим доступа: \url{https://omnidb.readthedocs.io/en/2.17.0/en/18_postgres-xl.html} (дата обращения: 20.11.2024)"
}

@misc{pgbouncer,
	title="PgBouncer Documentation",
	howpublished="[Электронный ресурс]. ~--- Режим доступа: \url{https://www.pgbouncer.org/config.html} (дата обращения: 20.11.2024)"
}

@misc{pgpool,
	title="PgPool Documentation",
	howpublished="[Электронный ресурс]. ~--- Режим доступа: \url{https://www.pgpool.net/mediawiki/index.php/Main_Page} (дата обращения: 20.11.2024)"
}

@misc{postgres-rep,
	title="Документация PostgreSQL: Replication",
	howpublished="[Электронный ресурс]. ~--- Режим доступа: \url{https://www.postgresql.org/docs/current/runtime-config-replication.html} (дата обращения: 20.11.2024)"
}
